<?xml version="1.0" encoding="UTF-8"?><record xmlns="http://www.loc.gov/MARC21/slim" xmlns:cinclude="http://apache.org/cocoon/include/1.0" xmlns:zs="http://www.loc.gov/zing/srw/">
  <leader>00706cz  a2200157n  4500</leader>
  <controlfield tag="001">n  78005742 </controlfield>
  <controlfield tag="003">DLC</controlfield>
  <controlfield tag="005">20120811075356.0</controlfield>
  <controlfield tag="008">780214n| abannaabn          |n ana      </controlfield>
  <datafield tag="010" ind1=" " ind2=" ">
    <subfield code="a">n  78005742 </subfield>
  </datafield>
  <datafield tag="035" ind1=" " ind2=" ">
    <subfield code="a">(OCoLC)oca00142295</subfield>
  </datafield>
  <datafield tag="040" ind1=" " ind2=" ">
    <subfield code="a">DLC</subfield>
    <subfield code="b">eng</subfield>
    <subfield code="c">DLC</subfield>
    <subfield code="d">OCoLC</subfield>
    <subfield code="d">DLC</subfield>
  </datafield>
  <datafield tag="111" ind1="2" ind2=" ">
    <subfield code="a">Meeting on Countryside Facilities for Environmental Education,</subfield>
    <subfield code="c">Battleby, Scotland,</subfield>
    <subfield code="d">1976</subfield>
  </datafield>
  <datafield tag="667" ind1=" " ind2=" ">
    <subfield code="a">THIS 1XX FIELD CANNOT BE USED UNDER RDA UNTIL THIS RECORD HAS BEEN REVIEWED AND/OR UPDATED</subfield>
  </datafield>
  <datafield tag="670" ind1=" " ind2=" ">
    <subfield code="a">Its Countryside facilities ... 1977:</subfield>
    <subfield code="b">p. 58 (Meeting on Countryside Facilities for Environmental Education at Battleby, 1st December, 1976)</subfield>
  </datafield>
  <datafield tag="670" ind1=" " ind2=" ">
    <subfield code="a">GB 77-29189</subfield>
    <subfield code="b">(Countryside Facilities for Environmental Education)</subfield>
  </datafield>
</record>